@incollection{stober2010overview,
  title={Overview of Agile Software Development},
  author={Stober, Thomas and Hansmann, Uwe},
  booktitle={Agile Software Development},
  pages={35--59},
  year={2010},
  publisher={Springer}
}

@article{ryan2000self,
  title={Self-determination theory and the facilitation of intrinsic motivation, social development, and well-being.},
  author={Ryan, Richard M and Deci, Edward L},
  journal={American psychologist},
  volume={55},
  number={1},
  pages={68},
  year={2000},
  publisher={American Psychological Association}
}

@techreport{huang2013gamification,
  title={Gamification Of Education},
  author={Huang, Wendy Hsin-Yuan and Soman, Dilip},
  year={2013},
  institution={Research Report Series: Behavioural Economics in Action}
}

@article{felder1988learning,
  title={Learning and teaching styles in engineering education},
  author={Felder, Richard M and Silverman, Linda K},
  journal={Engineering education},
  volume={78},
  number={7},
  pages={674--681},
  year={1988}
}

@book{gardner2011frames,
  title={Frames of mind: The theory of multiple intelligences},
  author={Gardner, Howard},
  year={2011},
  publisher={Basic books}
}

@article{fleming2006learning,
  title={Learning Styles Again: VARKing up the right tree!},
  author={Fleming, Neil and Baume, David},
  journal={Educational Developments},
  volume={7},
  number={4},
  pages={4},
  year={2006},
  publisher={SEDA}
}

@book{jones2011develop,
  title={How to develop a data Management and sharing plan},
  author={Jones, Sarah},
  year={2011},
  publisher={Digital Curation Centre}
}

@inproceedings{dranidis2015learning,
  title={Learning and Practicing Systems Analysis and Design with StudentUML},
  author={Dranidis, Dimitris and Stamatopoulou, Ioanna and Ntika, Marina},
  booktitle={Proceedings of the 7th Balkan Conference on Informatics Conference},
  pages={41},
  year={2015},
  organization={ACM}
}

@article{kolovos2010epsilon,
  title={The epsilon book},
  author={Kolovos, Dimitrios and Rose, Louis and Paige, Richard and Garc{\i}a-Dom{\i}nguez, A},
  journal={Structure},
  volume={178},
  pages={1--10},
  year={2010}
}

@inproceedings{bobkowska2014software,
  title={Software Modeling from the Perspective of Intuitive Information Processing},
  author={Bobkowska, Anna E},
  booktitle={Proceedings of the 2014 Mulitmedia, Interaction, Design and Innovation International Conference on Multimedia, Interaction, Design and Innovation},
  pages={1--8},
  year={2014},
  organization={ACM}
}

@article{white2010teaching,
  title={Teaching for abstraction: A model},
  author={White, Paul and Mitchelmore, Michael C},
  journal={Mathematical Thinking and Learning},
  volume={12},
  number={3},
  pages={205--226},
  year={2010},
  publisher={Taylor \& Francis}
}

@article{chou2013octalysis,
  title={Octalysis: Complete gamification framework},
  author={Chou, Yu-Kai},
  journal={Yu-Kai Chou \& Gamification},
  year={2013}
}

@article{kumar2013framework,
  title={A framework for designing gamification in the enterprise},
  author={Kumar, Neeli Basanth},
  journal={Infosys Labs Briefings},
  volume={11},
  number={3},
  pages={8--13},
  year={2013}
}

@incollection{de2011serious,
  title={Serious games: a new paradigm for education?},
  author={de Freitas, Sara and Liarokapis, Fotis},
  booktitle={Serious games and edutainment applications},
  pages={9--23},
  year={2011},
  publisher={Springer}
}

@inproceedings{yusoff2009conceptual,
  title={A conceptual framework for serious games},
  author={Yusoff, Amri and Crowder, Richard and Gilbert, Lester and Wills, Gary},
  booktitle={2009 Ninth IEEE International Conference on Advanced Learning Technologies},
  pages={21--23},
  year={2009},
  organization={IEEE}
}

@article{garris2002games,
  title={Games, motivation, and learning: A research and practice model},
  author={Garris, Rosemary and Ahlers, Robert and Driskell, James E},
  journal={Simulation \& gaming},
  volume={33},
  number={4},
  pages={441--467},
  year={2002},
  publisher={Sage Publications}
}

@article{huotari2016definition,
  title={A definition for gamification: anchoring gamification in the service marketing literature},
  author={Huotari, Kai and Hamari, Juho},
  journal={Electronic Markets},
  pages={1--11},
  year={2016},
  publisher={Springer}
}

@inproceedings{yohannis2014defining,
  title={Defining Gamification: From lexical meaning and process viewpoint towards a gameful reality},
  author={Yohannis, Alfa Ryano and Prabowo, Yulius Denny and Waworuntu, Alexander},
  booktitle={Information Technology Systems and Innovation (ICITSI), 2014 International Conference on},
  pages={284--289},
  year={2014},
  organization={IEEE}
}

@inproceedings{werbach2014re,
  title={(Re) Defining Gamification: A Process Approach},
  author={Werbach, Kevin},
  booktitle={International Conference on Persuasive Technology},
  pages={266--272},
  year={2014},
  organization={Springer}
}

@book{abt1987serious,
  title={Serious games},
  author={Abt, Clark C},
  year={1987},
  publisher={University Press of America}
}

@inproceedings{derbali2010players,
  title={Players’ motivation and EEG waves patterns in a serious game environment},
  author={Derbali, Lotfi and Frasson, Claude},
  booktitle={International Conference on Intelligent Tutoring Systems},
  pages={297--299},
  year={2010},
  organization={Springer}
}

@article{huang2010sustaining,
  title={Sustaining iterative game playing processes in DGBL: The relationship between motivational processing and outcome processing},
  author={Huang, Wen-Hao and Huang, Wen-Yeh and Tschopp, Jill},
  journal={Computers \& Education},
  volume={55},
  number={2},
  pages={789--797},
  year={2010},
  publisher={Elsevier}
}

@article{boctor2013active,
  title={Active-learning strategies: the use of a game to reinforce learning in nursing education. A case study},
  author={Boctor, Lisa},
  journal={Nurse education in practice},
  volume={13},
  number={2},
  pages={96--100},
  year={2013},
  publisher={Elsevier}
}

@article{bliemel2014game,
  title={Game-based experiential learning in online management information systems classes using intel's IT Manager 3},
  author={Bliemel, Michael and Ali-Hassan, Hossam},
  journal={Journal of Information Systems Education},
  volume={25},
  number={2},
  pages={117},
  year={2014},
  publisher={EDSIG}
}

@article{von2013scrumia,
  title={SCRUMIA—An educational game for teaching SCRUM in computing courses},
  author={von Wangenheim, Christiane Gresse and Savi, Rafael and Borgatto, Adriano Ferreti},
  journal={Journal of Systems and Software},
  volume={86},
  number={10},
  pages={2675--2687},
  year={2013},
  publisher={Elsevier}
}

@article{tsai2013importance,
  title={The importance and use of targeted content knowledge with scaffolding aid in educational simulation games},
  author={Tsai, Fu-Hsing and Kinzer, Charles and Hung, Kuo-Hsun and Chen, Cheng-Ling Alice and Hsu, I-Ying},
  journal={Interactive Learning Environments},
  volume={21},
  number={2},
  pages={116--128},
  year={2013},
  publisher={Taylor \& Francis}
}

@inproceedings{kao2015designing,
  title={Designing an Educational Game with Customized Scaffolds for Learning Physics},
  author={Kao, Gloria Yi-Ming and Chiang, Chieh-Han and Sun, Chuen-Tsai},
  booktitle={Advanced Applied Informatics (IIAI-AAI), 2015 IIAI 4th International Congress on},
  pages={303--306},
  year={2015},
  organization={IEEE}
}

@article{liao2006flow,
  title={A flow theory perspective on learner motivation and behavior in distance education},
  author={Liao, Li-Fen},
  journal={Distance Education},
  volume={27},
  number={1},
  pages={45--62},
  year={2006},
  publisher={Taylor \& Francis}
}

@article{chen2007flow,
  title={Flow in games (and everything else)},
  author={Chen, Jenova},
  journal={Communications of the ACM},
  volume={50},
  number={4},
  pages={31--34},
  year={2007},
  publisher={ACM}
}

@article{connolly2012systematic,
  title={A systematic literature review of empirical evidence on computer games and serious games},
  author={Connolly, Thomas M and Boyle, Elizabeth A and MacArthur, Ewan and Hainey, Thomas and Boyle, James M},
  journal={Computers \& Education},
  volume={59},
  number={2},
  pages={661--686},
  year={2012},
  publisher={Elsevier}
}

@inproceedings{hamari2014does,
  title={Does gamification work?--a literature review of empirical studies on gamification},
  author={Hamari, Juho and Koivisto, Jonna and Sarsa, Harri},
  booktitle={2014 47th Hawaii International Conference on System Sciences},
  pages={3025--3034},
  year={2014},
  organization={IEEE}
}

@inproceedings{engels2005teaching,
  title={Teaching UML is teaching software engineering is teaching abstraction},
  author={Engels, Gregor and Hausmann, Jan Hendrik and Lohmann, Marc and Sauer, Stefan},
  booktitle={International Conference on Model Driven Engineering Languages and Systems},
  pages={306--319},
  year={2005},
  organization={Springer}
}

@article{hazzan2008reflections,
  title={Reflections on teaching abstraction and other soft ideas},
  author={Hazzan, Orit},
  journal={ACM SIGCSE Bulletin},
  volume={40},
  number={2},
  pages={40--43},
  year={2008},
  publisher={ACM}
}

@inproceedings{terry1993kolb,
  title={Kolb, Bloom, creativity, and engineering design},
  author={Terry, Ronald E and Harb, John N},
  booktitle={ASEE Annual Conference Proceedings},
  volume={2},
  pages={1594--1600},
  year={1993}
}

@inproceedings{schatzberg2002applying,
  title={Applying Bloom's and Kolb's theories to teaching systems analysis and design},
  author={Schatzberg, Laurie},
  booktitle={The Proceedings of ISECON},
  volume={19},
  year={2002}
}

@inproceedings{howard1996felder,
  title={Felder's learning styles, Bloom's taxonomy, and the Kolb learning cycle: tying it all together in the CS2 course},
  author={Howard, Richard A and Carver, Curtis A and Lane, William D},
  booktitle={ACM SIGCSE Bulletin},
  volume={28},
  number={1},
  pages={227--231},
  year={1996},
  organization={ACM}
}

@article{murphy2007prior,
  title={Prior Learning Assessment: A Review of Bloom's Taxonomy and Kolb's Theory of Experiential Learning: Practical Uses for Prior Learning Assessment},
  author={Murphy, Elena J},
  journal={The Journal of Continuing Higher Education},
  volume={55},
  number={3},
  pages={64--66},
  year={2007},
  publisher={Taylor \& Francis}
}

@article{brambilla2012model,
  title={Model-driven software engineering in practice},
  author={Brambilla, Marco and Cabot, Jordi and Wimmer, Manuel},
  journal={Synthesis Lectures on Software Engineering},
  volume={1},
  number={1},
  pages={1--182},
  year={2012},
  publisher={Morgan \& Claypool Publishers}
}

@article{arnab2015mapping,
  title={Mapping learning and game mechanics for serious games analysis},
  author={Arnab, Sylvester and Lim, Theodore and Carvalho, Maira B and Bellotti, Francesco and Freitas, Sara and Louchart, Sandy and Suttie, Neil and Berta, Riccardo and De Gloria, Alessandro},
  journal={British Journal of Educational Technology},
  volume={46},
  number={2},
  pages={391--411},
  year={2015},
  publisher={Wiley Online Library}
}

@book{werbach2012win,
  title={For the win: How game thinking can revolutionize your business},
  author={Werbach, Kevin and Hunter, Dan},
  year={2012},
  publisher={Wharton Digital Press}
}

@inproceedings{hunicke2004mda,
  title={MDA: A formal approach to game design and game research},
  author={Hunicke, Robin and LeBlanc, Marc and Zubek, Robert},
  booktitle={Proceedings of the AAAI Workshop on Challenges in Game AI},
  volume={4},
  pages={1},
  year={2004}
}

@book{keller2010motivational,
  title={Motivational design for learning and performance: The ARCS model approach},
  author={Keller, John M},
  year={2010},
  publisher={Springer Science \& Business Media}
}

@book{kolb2014experiential,
  title={Experiential learning: Experience as the source of learning and development},
  author={Kolb, David A},
  year={2014},
  publisher={FT press}
}

@article{munzenmaier2013bloom,
  title={Bloom’s taxonomy: What’s old is new again},
  author={Munzenmaier, Cecelia and Rubin, Nancy},
  journal={The Elearning Guild. Santa Rosa},
  year={2013}
}

@article{krathwohl2002revision,
  title={A revision of Bloom's taxonomy: An overview},
  author={Krathwohl, David R},
  journal={Theory into practice},
  volume={41},
  number={4},
  pages={212--218},
  year={2002},
  publisher={Taylor \& Francis}
}

@book{vygotsky1978mind,
  title={Mind in society: The development of higher psychological processes},
  author={Vygotsky, Lev Semenovich},
  year={1978},
  publisher={Harvard university press}
}

@article{wood1976role,
  title={The role of tutoring in problem solving},
  author={Wood, David and Bruner, Jerome S and Ross, Gail},
  journal={Journal of child psychology and psychiatry},
  volume={17},
  number={2},
  pages={89--100},
  year={1976},
  publisher={Wiley Online Library}
}

@incollection{csikszentmihalyi2014toward,
  title={Toward a psychology of optimal experience},
  author={Csikszentmihalyi, Mihaly},
  booktitle={Flow and the foundations of positive psychology},
  pages={209--226},
  year={2014},
  publisher={Springer}
}

@article{liebel2015ready,
  title={Ready for Prime Time,-Yes, Industrial-Grade Modelling Tools can be Used in Education},
  author={Liebel, Grischa and Heldal, Rogardt and Stegh{\"o}fer, Jan-Philipp and Chaudron, Michel RV},
  year={2015},
  journal={Research Reports in Software Engineering and Management No. 2015:01},
  publisher={University of Gothenburg}
}

@inproceedings{whittle2013industrial,
  title={Industrial adoption of model-driven engineering: Are the tools really the problem?},
  author={Whittle, Jon and Hutchinson, John and Rouncefield, Mark and Burden, H{\aa}kan and Heldal, Rogardt},
  booktitle={International Conference on Model Driven Engineering Languages and Systems},
  pages={1--17},
  year={2013},
  organization={Springer}
}

@inproceedings{lethbridge2014teaching,
  title={Teaching modeling using Umple: Principles for the development of an effective tool},
  author={Lethbridge, Timothy C},
  booktitle={2014 IEEE 27th Conference on Software Engineering Education and Training (CSEE\&T)},
  pages={23--28},
  year={2014},
  organization={IEEE}
}

@inproceedings{ober2007teaching,
  title={Teaching MDA: From Pyramids to Sand Clocks},
  author={Ober, Ileana},
  booktitle={Symposium at MODELS 2007},
  pages={34},
  year={2007},
  organization={Citeseer}
}

@inproceedings{paige2014bad,
  title={Bad modelling teaching practices},
  author={Paige, Richard F and Polack, Fiona AC and Kolovos, Dimitrios S and Rose, Louis M and Matragkas, Nicholas and Williams, James R},
  booktitle={Proceedings of the ACM/IEEE 17th International Conference on Model Driven Engineering Languages and Systems (MoDELS’14), Valencia, Spain},
  year={2014}
}

@inproceedings{bezivin2009teaching,
  title={Teaching modeling: why, when, what?},
  author={Bezivin, Jean and France, Robert and Gogolla, Martin and Haugen, Oystein and Taentzer, Gabriele and Varro, Daniel},
  booktitle={International Conference on Model Driven Engineering Languages and Systems},
  pages={55--62},
  year={2009},
  organization={Springer}
}

@inproceedings{borstler2012teaching,
  title={Teaching software modeling in computing curricula},
  author={B{\"o}rstler, J{\"u}rgen and Kuzniarz, Ludwik and Alphonce, Carl and Sanders, William B and Smialek, Michal},
  booktitle={Proceedings of the final reports on Innovation and technology in computer science education 2012 working groups},
  pages={39--50},
  year={2012},
  organization={ACM}
}

@inproceedings{Yohannis2016,
  title={Gamification of Software Modelling},
  author={Yohannis, Alfa},
  booktitle={the ACM/IEEE 19th International Conference on Model Driven  Engineering Languages and Systems (MODELS 2016) Doctoral Symposium},
  year={2016},
  organization={CEUR}
}

@book{hair2016primer,
  title={A primer on partial least squares structural equation modeling (PLS-SEM)},
  author={Hair Jr, Joseph F and Hult, G Tomas M and Ringle, Christian and Sarstedt, Marko},
  year={2016},
  publisher={Sage Publications}
}

@article{kolovos2015eugenia,
  title={Eugenia: towards disciplined and automated development of GMF-based graphical model editors},
  author={Kolovos, Dimitrios S and Garc{\'\i}a-Dom{\'\i}nguez, Antonio and Rose, Louis M and Paige, Richard F},
  journal={Software \& Systems Modeling},
  pages={1--27},
  year={2015},
  publisher={Springer}
}

@MastersThesis{Richardsen2014,
  title={Learning Modeling Languages Using Strategies from Gaming},
  author={Richardsen, Oyvin},
  year={2014},
  school     =     {Norwegian University of Science and Technology},
  address = {Norway},
  publisher={Institutt for telematikk}
}

@inproceedings{Ionita2015,
  title={Tangible modelling to elicit domain knowledge: an experiment and focus group},
  author={Ionita, Dan and Wieringa, Roel and Bullee, Jan-Willem and Vasenev, Alexandr},
  booktitle={International Conference on Conceptual Modeling},
  pages={558--565},
  year={2015},
  organization={Springer}
}

@article{Stikkolorum2014,
  title={The art of software design, a video game for learning software design principles},
  author={Stikkolorum, Dave R and Chaudron, Michel RV and de Bruin, Oswald},
  journal={arXiv preprint arXiv:1401.5111},
  year={2014}
}

@article{Pedreira2015,
  title={Gamification in software engineering--A systematic mapping},
  author={Pedreira, Oscar and Garc{\'\i}a, F{\'e}lix and Brisaboa, Nieves and Piattini, Mario},
  journal={Information and Software Technology},
  volume={57},
  pages={157--168},
  year={2015},
  publisher={Elsevier}
}

@incollection{Groenewegen2010,
  title={Playing archimate models},
  author={Groenewegen, Jos and Hoppenbrouwers, Stijn and Proper, Erik},
  booktitle={Enterprise, Business-Process and Information Systems Modeling},
  pages={182--194},
  year={2010},
  publisher={Springer}
}

@inproceedings{Deterding2013,
  title={Designing gamification: creating gameful and playful experiences},
  author={Deterding, Sebastian and Bj{\"o}rk, Staffan L and Nacke, Lennart E and Dixon, Dan and Lawley, Elizabeth},
  booktitle={CHI'13 Extended Abstracts on Human Factors in Computing Systems},
  pages={3263--3266},
  year={2013},
  organization={ACM}
}

@inproceedings{Yohannis2014,
  title={Defining Gamification: From lexical meaning and process viewpoint towards a gameful reality},
  author={Yohannis, Alfa Ryano and Prabowo, Yulius Denny and Waworuntu, Alexander},
  booktitle={Information Technology Systems and Innovation (ICITSI), 2014 International Conference on},
  pages={284--289},
  year={2014},
  organization={IEEE}
}

@article{Kapp2012,
  title={The gamification of learning and instruction: game-based methods and strategies for training and education},
  author={Kapp, Karl M},
  year={2012},
  publisher={John Wiley \& Sons}
}

@inproceedings{Werbach2014,
  title={(Re) Defining Gamification: A Process Approach},
  author={Werbach, Kevin},
  booktitle={International Conference on Persuasive Technology},
  pages={266--272},
  year={2014},
  organization={Springer}
}

@article{Naps2005,
  title={Jhav{\'e}: Supporting algorithm visualization},
  author={Naps, Thomas L},
  journal={IEEE Computer Graphics and Applications},
  volume={25},
  number={5},
  pages={49--55},
  year={2005},
  publisher={IEEE}
}

@inproceedings{schmidt2014teaching,
  title={Teaching model-driven software development: revealing the great miracle of code generation to students},
  author={Schmidt, Andreas and Kimmig, Daniel and Bittner, Klaus and Dickerhof, Markus},
  booktitle={Proceedings of the Sixteenth Australasian Computing Education Conference-Volume 148},
  pages={97--104},
  year={2014},
  organization={Australian Computer Society, Inc.}
}

@inproceedings{Szmurlo2007,
  title={Teaching software modeling in a simulated project environment},
  author={Szmur{\l}o, Robert and {\'S}mia{\l}ek, Micha{\l}},
  booktitle={International Conference on Model Driven Engineering Languages and Systems},
  pages={301--310},
  year={2006},
  organization={Springer}
}

@inproceedings{Whittle2014,
author = {Whittle, Jon and Bull, Christopher N. and Lee, Jaejoon and Kotonya, Gerald},
booktitle = {CEUR Workshop Proceedings},
mendeley-groups = {MODELS 2016},
pages = {12--21},
publisher = {CEUR-WS},
title = {{Teaching in a software design studio: Implications for modeling education}},
volume = {1346},
year = {2014}
}

@article{neubauer2003immersive,
  title={Immersive visual modeling: potential use of virtual reality in teaching software design},
  author={Neubauer, Bruce J and Harris, James D},
  journal={Journal of Computing Sciences in Colleges},
  volume={18},
  number={6},
  pages={142--150},
  year={2003},
  publisher={Consortium for Computing Sciences in Colleges}
}

@inproceedings{Brandsteidl2011,
  title={Novel communication channels in software modeling education},
  author={Brandsteidl, Marion and Wieland, Konrad and Huemer, Christian},
  booktitle={International Conference on Model Driven Engineering Languages and Systems},
  pages={40--54},
  year={2010},
  organization={Springer}
}

@inproceedings{Akayama2013,
  title={Tool Use in Software Modelling Education.},
  author={Akayama, Seiko and Demuth, Birgit and Lethbridge, Timothy C and Scholz, Marion and Stevens, Perdita and Stikkolorum, Dave R},
  booktitle={EduSymp@ MoDELS},
  year={2013}
}

@inproceedings{moisan2009teaching,
  title={Teaching object-oriented modeling and UML to various audiences},
  author={Moisan, Sabine and Rigault, Jean-Paul},
  booktitle={International Conference on Model Driven Engineering Languages and Systems},
  pages={40--54},
  year={2009},
  organization={Springer}
}

@inproceedings{deterding2011game,
  title={From game design elements to gamefulness: defining gamification},
  author={Deterding, Sebastian and Dixon, Dan and Khaled, Rilla and Nacke, Lennart},
  booktitle={Proceedings of the 15th international academic MindTrek conference},
  pages={9--15},
  year={2011},
  organization={ACM}
}

@article{peffers2007design,
  title={A design science research methodology for information systems research},
  author={Peffers, Ken and Tuunanen, Tuure and Rothenberger, Marcus A and Chatterjee, Samir},
  journal={Journal of management information systems},
  volume={24},
  number={3},
  pages={45--77},
  year={2007},
  publisher={Taylor \& Francis}
}

@article{deterding2015lens,
  title={The lens of intrinsic skill atoms: A method for gameful design},
  author={Deterding, Sebastian},
  journal={Human--Computer Interaction},
  volume={30},
  number={3-4},
  pages={294--335},
  year={2015},
  publisher={Taylor \& Francis}
}

@article{Kramer2007,
  title={Is abstraction the key to computing?},
  author={Kramer, Jeff},
  journal={Communications of the ACM},
  volume={50},
  number={4},
  pages={36--42},
  year={2007},
  publisher={ACM}
}

@inproceedings{Borstler2012,
  title={Teaching software modeling in computing curricula},
  author={B{\"o}rstler, J{\"u}rgen and Kuzniarz, Ludwik and Alphonce, Carl and Sanders, William B and Smialek, Michal},
  booktitle={Proceedings of the final reports on Innovation and technology in computer science education 2012 working groups},
  pages={39--50},
  year={2012},
  organization={ACM}
}

@article{Duval2006,
  title={A cognitive analysis of problems of comprehension in a learning of mathematics},
  author={Duval, Raymond},
  journal={Educational studies in mathematics},
  volume={61},
  number={1-2},
  pages={103--131},
  year={2006},
  publisher={Springer}
}

@book{Saitta2013,
  title={Abstraction in artificial intelligence and complex systems},
  author={Saitta, Lorenza and Zucker, Jean-Daniel},
  volume={456},
  year={2013},
  publisher={Springer}
}

@book{Michael2005,
  title={Serious games: Games that educate, train, and inform},
  author={Michael, David R and Chen, Sandra L},
  year={2005},
  publisher={Muska \& Lipman/Premier-Trade}
}

@inproceedings{Yohannis2015,
  title={Sort Attack: Visualization and Gamification of Sorting Algorithm Learning},
  author={Yohannis, Alfa and Prabowo, Yulius},
  booktitle={the 7th VS-Games},
  pages={1--8},
  year={2015},
  organization={IEEE}
}

@article{Ibanez2014,
  title={Gamification for engaging computer science students in learning activities: A case study},
  author={Ibanez, Maria-Blanca and Di-Serio, Angela and Delgado-Kloos, Carlos},
  journal={IEEE Transactions on Learning Technologies},
  volume={7},
  number={3},
  pages={291--301},
  year={2014},
  publisher={IEEE}
}


